<record><leader>00000cas a22000007a 4500</leader><controlfield tag="001">14393865</controlfield><controlfield tag="008">861014d18861888wiuwr ne      0    0eng d</controlfield><datafield ind1=" " ind2=" " tag="010"><subfield code="a">sn 86086711 </subfield></datafield><datafield ind1=" " ind2=" " tag="040"><subfield code="a">NPV</subfield><subfield code="b">eng</subfield><subfield code="c">NPV</subfield><subfield code="d">OCLCQ</subfield></datafield><datafield ind1=" " ind2=" " tag="042"><subfield code="a">msc</subfield></datafield><datafield ind1="0" ind2=" " tag="130"><subfield code="a">Eagle (Marinette, Wis. : 1886)</subfield></datafield><datafield ind1="1" ind2="4" tag="245"><subfield code="a">The eagle.</subfield></datafield><datafield ind1="1" ind2="7" tag="246"><subfield code="a">Semi-weekly eagle</subfield></datafield><datafield ind1=" " ind2=" " tag="260"><subfield code="a">Marinette, Wis. :</subfield><subfield code="b">Eagle Print. Co.,</subfield><subfield code="c">1886-1888.</subfield></datafield><datafield ind1=" " ind2=" " tag="300"><subfield code="a">v.</subfield></datafield><datafield ind1=" " ind2=" " tag="310"><subfield code="a">Weekly</subfield></datafield><datafield ind1="0" ind2=" " tag="362"><subfield code="a">Vol. 16, no. 20 (Oct. 13, 1886)-v. 18, no. 22 (Aug. 11, 1888).</subfield></datafield><datafield ind1=" " ind2=" " tag="752"><subfield code="a">United States</subfield><subfield code="b">Wisconsin</subfield><subfield code="c">Marinette</subfield><subfield code="d">Marinette.</subfield></datafield><datafield ind1="0" ind2="0" tag="780"><subfield code="t">Marinette and Peshtigo eagle</subfield><subfield code="w">(DLC)sn 85033136</subfield><subfield code="w">(OCoLC)11695837</subfield></datafield><datafield ind1="0" ind2="0" tag="785"><subfield code="t">Eagle (Marinette, Wis. : 1888)</subfield><subfield code="w">(DLC)sn 86086712</subfield><subfield code="w">(OCoLC)14393888</subfield></datafield></record>